@BOOK{latex,
  title = {LaTeX : A Documentation Preparation System User's Guide and Reference Manual},
  publisher = {Addison-Wesley Professional},
  year = {1994},
  author = {Leslie Lamport}
}

@article{lowe2004distinctive,
  title={{Distinctive image features from scale-invariant keypoints}},
  author={Lowe, D.G.},
  journal={International journal of computer vision},
  volume={60},
  number={2},
  pages={91--110},
  issn={0920-5691},
  year={2004},
  publisher={Springer}
}

@article{kass1988snakes,
  title={{Snakes: Active contour models}},
  author={Kass, M. and Witkin, A. and Terzopoulos, D.},
  journal={International journal of computer vision},
  volume={1},
  number={4},
  pages={321--331},
  issn={0920-5691},
  year={1988},
  publisher={Springer}
}

@book{blake1998active,
  title={{Active contours}},
  author={Blake, A. and Isard, M. and others},
  volume={2},
  year={1998},
  publisher={Springer London}
}

@article{fischler1981random,
  title={{Random sample consensus: a paradigm for model fitting with applications to image analysis and automated cartography}},
  author={Fischler, M.A. and Bolles, R.C.},
  journal={Communications of the ACM},
  volume={24},
  number={6},
  pages={381--395},
  issn={0001-0782},
  year={1981},
  publisher={ACM}
}
@book{hartley2003multiple,
  title={{Multiple view geometry in computer vision}},
  author={Hartley, R. and Zisserman, A.},
  isbn={0521540518},
  year={2003},
  publisher={Cambridge Univ Pr}
}
