@article{lowe2004distinctive,
  title={{Distinctive image features from scale-invariant keypoints}},
  author={Lowe, D.G.},
  journal={International journal of computer vision},
  volume={60},
  number={2},
  pages={91--110},
  issn={0920-5691},
  year={2004},
  publisher={Springer}
}

@article{kass1988snakes,
  title={{Snakes: Active contour models}},
  author={Kass, M. and Witkin, A. and Terzopoulos, D.},
  journal={International journal of computer vision},
  volume={1},
  number={4},
  pages={321--331},
  issn={0920-5691},
  year={1988},
  publisher={Springer}
}

@book{blake1998active,
  title={{Active contours}},
  author={Blake, A. and Isard, M. and others},
  volume={2},
  year={1998},
  publisher={Springer London}
}

@article{fischler1981random,
  title={{Random sample consensus: a paradigm for model fitting with applications to image analysis and automated cartography}},
  author={Fischler, M.A. and Bolles, R.C.},
  journal={Communications of the ACM},
  volume={24},
  number={6},
  pages={381--395},
  issn={0001-0782},
  year={1981},
  publisher={ACM}
}
@book{hartley2003multiple,
  title={{Multiple view geometry in computer vision}},
  author={Hartley, R. and Zisserman, A.},
  isbn={0521540518},
  year={2003},
  publisher={Cambridge Univ Pr}
}

@article{xu2000gradient,
  title={{Gradient vector flow deformable models}},
  author={Xu, C. and Prince, J.L.},
  journal={Handbook of Medical Imaging, Academic Press, pp},
  pages={159--170},
  year={2000},
  publisher={Citeseer}
}

@article{aloimonos1988active,
  title={{Active vision}},
  author={Aloimonos, J. and Weiss, I. and Bandyopadhyay, A.},
  journal={International Journal of Computer Vision},
  volume={1},
  number={4},
  pages={333--356},
  issn={0920-5691},
  year={1988},
  publisher={Springer}
}


@conference{scott1987alternative,
  title={{The alternative snake--and other animals}},
  author={Scott, GL},
  booktitle={Proceedings 3rd Alvey Vision Confer ence (Cambridge)},
  pages={341--347},
  year={1987}
}

@conference{mcinerney1995topologically,
  title={{Topologically adaptable snakes}},
  author={McInerney, T. and Terzopoulos, D.},
  booktitle={iccv},
  pages={840},
  year={1995},
  organization={Published by the IEEE Computer Society}
}

@article{mcinemey1999topology,
  title={{Topology adaptive deformable surfaces for medical image volume segmentation}},
  author={McInemey, T. and Terzopoulos, D.},
  journal={Medical Imaging, IEEE Transactions on},
  volume={18},
  number={10},
  pages={840--850},
  issn={0278-0062},
  year={1999},
  publisher={IEEE}
}

@article{lobregt1995discrete,
  title={{A discrete dynamic contour model}},
  author={Lobregt, S. and Viergever, M.A.},
  journal={Medical Imaging, IEEE Transactions on},
  volume={14},
  number={1},
  pages={12--24},
  issn={0278-0062},
  year={1995},
  publisher={IEEE}
}

@article{brigger2000b,
  title={{B-spline snakes: A flexible tool for parametric contour detection}},
  author={Brigger, P. and Hoeg, J. and Unser, M.},
  journal={Image Processing, IEEE Transactions on},
  volume={9},
  number={9},
  pages={1484--1496},
  issn={1057-7149},
  year={2000},
  publisher={IEEE}
}

@article{cootes1995active,
  title={{Active shape models-their training and application}},
  author={Cootes, T.F. and Taylor, C.J. and Cooper, D.H. and Graham, J. and others},
  journal={Computer vision and image understanding},
  volume={61},
  number={1},
  pages={38--59},
  issn={1077-3142},
  year={1995},
  publisher={San Diego: Academic Press, c1995-}
}

@article{xu1998snakes,
  title={{Snakes, shapes, and gradient vector flow}},
  author={Xu, C. and Prince, J.L.},
  journal={Image Processing, IEEE Transactions on},
  volume={7},
  number={3},
  pages={359--369},
  issn={1057-7149},
  year={1998},
  publisher={IEEE}
}

@conference{harris1993tracking,
  title={{Tracking with rigid models}},
  author={Harris, C.},
  booktitle={Active vision},
  pages={59--73},
  isbn={0262023512},
  year={1993},
  organization={MIT Press}
}

@article{terzopoulos1991dynamic,
  title={{Dynamic 3D models with local and global deformations: Deformable superquadrics}},
  author={Terzopoulos, D. and Metaxas, D.},
  journal={IEEE Transactions on Pattern Analysis and Machine Intelligence},
  pages={703--714},
  issn={0162-8828},
  year={1991},
  publisher={Published by the IEEE Computer Society}
}

@article{terzopoulos1992tracking,
  title={{Tracking with Kaiman snakes}},
  author={Terzopoulos, D. and Szeliski, R.},
  journal={Active vision},
  pages={3--20},
  year={1992}
}

@article{tsechpenakis2004snake,
  title={{A snake model for object tracking in natural sequences}},
  author={Tsechpenakis, G. and Rapantzikos, K. and Tsapatsoulis, N. and Kollias, S.},
  journal={Signal processing: Image communication},
  volume={19},
  number={3},
  pages={219--238},
  issn={0923-5965},
  year={2004},
  publisher={Elsevier}
}
@conference{schick1991simultaneous,
  title={{Simultaneous estimation of 3D shape and motion of objects by computer vision}},
  author={Schick, J. and Dickmanns, E.D.},
  booktitle={Visual Motion, 1991., Proceedings of the IEEE Workshop on},
  pages={256--261},
  isbn={0818621532},
  year={1991},
  organization={IEEE}
}

@article{storvik1994bayesian,
  title={{A Bayesian approach to dynamic contours through stochastic sampling and simulated annealing}},
  author={Storvik, G.},
  journal={IEEE Transactions on Pattern Analysis and Machine Intelligence},
  pages={976--986},
  issn={0162-8828},
  year={1994},
  publisher={Published by the IEEE Computer Society}
}
@conference{kelemen1999three,
  title={{Three-dimensional model-based segmentation of brain MRI}},
  author={Kelemen, A. and Sz{\'e}kely, G. and Gerig, G.},
  booktitle={Biomedical Image Analysis, 1998. Proceedings. Workshop on},
  pages={4--13},
  isbn={0818684607},
  year={1999},
  organization={IEEE}
}

@article{kelemen1999elastic,
  title={{Elastic model-based segmentation of 3-D neuroradiological data sets}},
  author={Kelemen, A. and Sz{\'e}kely, G. and Gerig, G.},
  journal={Medical Imaging, IEEE Transactions on},
  volume={18},
  number={10},
  pages={828--839},
  issn={0278-0062},
  year={1999},
  publisher={IEEE}
}

@article{sclaroff2001deformable,
  title={{Deformable shape detection and description via model-based region grouping}},
  author={Sclaroff, S. and Liu, L.},
  journal={Pattern Analysis and Machine Intelligence, IEEE Transactions on},
  volume={23},
  number={5},
  pages={475--489},
  issn={0162-8828},
  year={2001},
  publisher={IEEE}
}

@conference{liu1999deformable,
  title={{Deformable shape detection and description via model-based region grouping}},
  author={Liu, L. and Sclaroff, S.},
  booktitle={Computer Vision and Pattern Recognition, 1999. IEEE Computer Society Conference on.},
  volume={2},
  isbn={0769501494},
  year={1999},
  organization={IEEE}
}


@article{dempster1977maximum,
  title={{Maximum likelihood from incomplete data via the EM algorithm}},
  author={Dempster, A.P. and Laird, N.M. and Rubin, D.B.},
  journal={Journal of the Royal Statistical Society. Series B (Methodological)},
  volume={39},
  number={1},
  pages={1--38},
  issn={0035-9246},
  year={1977},
  publisher={JSTOR}
}

@conference{ding2004k,
  title={{K-means clustering via principal component analysis}},
  author={Ding, C. and He, X.},
  booktitle={Proceedings of the twenty-first international conference on Machine learning},
  pages={29},
  year={2004},
  organization={ACM}
}

@article{hanek2004contracting,
  title={{The contracting curve density algorithm: Fitting parametric curve models to images using local self-adapting separation criteria}},
  author={Hanek, R. and Beetz, M.},
  journal={International Journal of Computer Vision},
  volume={59},
  number={3},
  pages={233--258},
  issn={0920-5691},
  year={2004},
  publisher={Springer}
}

@article{sorenson1980parameter,
  title={{Parameter estimation: principles and problems}},
  author={Sorenson, H.W.},
  year={1980},
  publisher={M. Dekker}
}

@article{panin2006fully,
  title={{Fully automatic real-time 3d object tracking using active contour and appearance models}},
  author={Panin, G. and Knoll, A.},
  journal={Journal of Multimedia 2006},
  volume={1},
  number={7},
  pages={62--70},
  year={2006},
  publisher={Citeseer}
}

@article{panin2006efficient,
  title={{An efficient and robust real-time contour tracking system}},
  author={Panin, G. and Ladikos, A. and Knoll, A.},
  year={2006},
  publisher={IEEE Computer Society}
}

@article{hahn2007tracking,
  title={{Tracking of human body parts using the multiocular contracting curve density algorithm}},
  author={Hahn, M. and others},
  issn={1550-6185},
  year={2007},
  publisher={IEEE Computer Society}
}
@book{brookner1998tracking,
  title={{Tracking and Kalman filtering made easy}},
  author={Brookner, E. and Wiley, J.},
  isbn={0471184071},
  year={1998},
  publisher={Wiley Online Library}
}

@article{isard1998icondensation,
  title={{ICONDENSATION: Unifying low-level and high-level tracking in a stochastic framework}},
  author={Isard, M. and Blake, A.},
  journal={Computer Vision-ECCV'98},
  pages={893},
  year={1998},
  publisher={Springer}
}


@phdthesis{hanek2004fitting,
  title={{Fitting parametric curve models to images using local self-adapting separation criteria}},
  author={Hanek, R.},
  year={2004},
  school={Technische Universit\"at M\"unchen, Universit\"atsbibliothek}
}
@conference{quigley2007stair,
  title={{Stair: Hardware and software architecture}},
  author={Quigley, M. and Berger, E. and Ng, A.Y. and others},
  booktitle={AAAI 2007 Robotics Workshop, Vancouver, BC},
  year={2007}
}

@book{bradski2008learning,
  title={{Learning opencv}},
  author={Bradski, G.R. and Kaehler, A.},
  isbn={0596516134},
  year={2008},
  publisher={O'Reilly}
}
@Article{Vincent/Soille:1991,
    author =       "Lee Vincent and Pierre Soille",
    year =         "1991",
    keywords =     "IMAGE-PROC SKELETON SEGMENTATION GIS",
    institution =  "Harvard/Paris+Louvain",
    title =        "Watersheds in digital spaces: An efficient algorithm
                    based on immersion simulations",
    journal =      "IEEE PAMI, 1991",
    volume =       "13",
    number =       "6",
    pages =        "583--598",
    annote =       "Watershed lines (e.g. the continental divide) mark the
                   boundaries of catchment regions in a topographical map.
                   The height of a point on this map can have a direct
                   correlation to its pixel intensity. WIth this analogy,
                   the morphological operations of closing (or opening)
                   can be understood as smoothing the ridges (or filling
                   in the valleys). Develops a new algorithm for obtaining
                   the watershed lines in a graph, and then uses this in
                   developing a new segmentation approach based on the
                   {"}depth of immersion{"}.",
   }
@Article{RoeMei00,
    author =       "Roerdink and Meijster",
    title =        "The Watershed Transform: Definitions, Algorithms and
                    Parallelization Strategies",
    journal =      "FUNDINF: Fundamenta Informatica",
    volume =       "41",
    publisher =    "IOS Press",
    year =         "2000",
   }
@phdthesis{scharr2000optimal,
  title={{Optimal operators in digital image processing}},
  author={Scharr, H.},
  year={2000},
  school={PhD thesis, University of Heidelberg, Germany}
}
@article{felzenszwalb2004efficient,
  title={{Efficient graph-based image segmentation}},
  author={Felzenszwalb, P.F. and Huttenlocher, D.P.},
  journal={International Journal of Computer Vision},
  volume={59},
  number={2},
  pages={167--181},
  issn={0920-5691},
  year={2004},
  publisher={Springer}
}
@conference{arthur2007k,
  title={{k-means++: The advantages of careful seeding}},
  author={Arthur, D. and Vassilvitskii, S.},
  booktitle={Proceedings of the eighteenth annual ACM-SIAM symposium on Discrete algorithms},
  pages={1027--1035},
  year={2007},
  organization={Society for Industrial and Applied Mathematics}
}

@book{bishop2006pattern,
  title={{Pattern recognition and machine learning}},
  author={Bishop, C.M. and SpringerLink (Online service)},
  volume={4},
  year={2006},
  publisher={Springer New York}
}

@misc{rosintroduction,
  author = {ROS wiki},
  title = {{ROSIntroduction}},
  howpublished = "\url{http://www.ros.org/wiki/ROS/Introduction}",
  year = {2011}
}

@misc{contourpanin2011,
  author = {Giorgio Panin},
  title = {{Contour-based tracking: Snakes, Condensation and the CCD algorithm}},
  howpublished = "\url{http://www6.in.tum.de/pub/Main/TeachingWs2009ModelBasedVisualTracking/Lecture10.pdf
}",
  year = {2010}
}


@conference{hanek2000vision,
  title={{Vision-based localization and data fusion in a system of cooperating mobile robots}},
  author={Hanek, R. and Schmitt, T.},
  booktitle={Intelligent Robots and Systems, 2000.(IROS 2000). Proceedings. 2000 IEEE/RSJ International Conference on},
  volume={2},
  pages={1199--1204},
  isbn={0780363485},
  year={2000},
  organization={IEEE}
}

@misc{map,
  author = {wikipedia},
  title = {{Maximum a posteriori estimation}},
  howpublished = "\url{http://en.wikipedia.org/wiki/Maximum_a_posteriori_estimation}",
  year = {2011}
}
@article{press2007numerical,
  title={{Numerical recipes 3rd edition: The art of scientific computing}},
  author={Press, W.H. and Teukolsky, S.A. and Vetterling, W.T. and Flannery, B.P.},
  year={2007},
  publisher={Cambridge University Press New York, NY, USA}
}
@misc{android,
  author = {OpenCV wiki},
  title = {{Android}},
  howpublished = "\url{http://opencv.willowgarage.com/wiki/Android}",
  year = {2011}
}
@misc{opencv,
  author = {OpenCV wiki},
  title = {{OpenCV wiki}},
  howpublished = "\url{http://opencv.willowgarage.com/wiki}",
  year = {2011}
}
@book{vapnik2000nature,
  title={{The nature of statistical learning theory}},
  author={Vapnik, V.N.},
  isbn={0387987800},
  year={2000},
  publisher={Springer Verlag}
}
@misc{compgeo,
  author = {Ching-Kuang Shene},
  title = {{Introduction to Computing with Geometry Notes}},
  howpublished = "\url{http://www.cs.mtu.edu/~shene/COURSES/cs3621/NOTES/}",
  year = {2011}
}